@Article{Kohrs2015,
   Author="Kohrs, F. and Wolter, S. and Benndorf, D. and Heyer, R. and Hoffmann, M. and Rapp, E. and Bremges, A. and Sczyrba, A. and Schlüter, A. and Reichl, U ",
   Title="{{F}ractionation of biogas plant sludge material improves metaproteomic characterization to investigate metabolic activity of microbial communities}",
   Journal="Submitted",
   Year="2015"
}

@Article{Weiland2010,
   Author="Weiland, P. ",
   Title="{{B}iogas production: current state and perspectives}",
   Journal="Appl. Microbiol. Biotechnol.",
   Year="2010",
   Volume="85",
   Number="4",
   Pages="849--860",
   Month="Jan",
   Note={[DOI:\href{http://dx.doi.org/10.1007/s00253-009-2246-7}{10.1007/s00253-009-2246-7}] [PubMed:\href{http://www.ncbi.nlm.nih.gov/pubmed/19777226}{19777226}] }
}

@Article{Schlueter2008,
   Author="Schlüter, A.  and Bekel, T.  and Diaz, N. N.  and Dondrup, M.  and Eichenlaub, R.  and Gartemann, K. H.  and Krahn, I.  and Krause, L.  and Krömeke, H.  and Kruse, O.  and Mussgnug, J. H.  and Neuweger, H.  and Niehaus, K.  and Pühler, A.  and Runte, K. J.  and Szczepanowski, R.  and Tauch, A.  and Tilker, A.  and Viehöver, P.  and Goesmann, A. ",
   Title="{{T}he metagenome of a biogas-producing microbial community of a production-scale biogas plant fermenter analysed by the 454-pyrosequencing technology}",
   Journal="J. Biotechnol.",
   Year="2008",
   Volume="136",
   Number="1-2",
   Pages="77--90",
   Month="Aug",
   Note={[DOI:\href{http://dx.doi.org/10.1016/j.jbiotec.2008.05.008}{10.1016/j.jbiotec.2008.05.008}] [PubMed:\href{http://www.ncbi.nlm.nih.gov/pubmed/18597880}{18597880}] }
}

@Article{Jaenicke2011,
   Author="Jaenicke, S.  and Ander, C.  and Bekel, T.  and Bisdorf, R.  and Dröge, M.  and Gartemann, K. H.  and Jünemann, S.  and Kaiser, O.  and Krause, L.  and Tille, F.  and Zakrzewski, M.  and Pühler, A.  and Schlüter, A.  and Goesmann, A. ",
   Title="{{C}omparative and joint analysis of two metagenomic datasets from a biogas fermenter obtained by 454-pyrosequencing}",
   Journal="PLoS ONE",
   Year="2011",
   Volume="6",
   Number="1",
   Pages="e14519",
   Note={[DOI:\href{http://dx.doi.org/10.1371/journal.pone.0014519}{10.1371/journal.pone.0014519}] [PubMed:\href{http://www.ncbi.nlm.nih.gov/pubmed/21297863}{21297863}] }
}

@Article{Wirth2012,
   Author="Wirth, R.  and Kovács, E.  and Maróti, G.  and Bagi, Z.  and Rákhely, G.  and Kovács, K. L. ",
   Title="{{C}haracterization of a biogas-producing microbial community by short-read next generation {D}{N}{A} sequencing}",
   Journal="Biotechnol Biofuels",
   Year="2012",
   Volume="5",
   Pages="41",
   Note={[DOI:\href{http://dx.doi.org/10.1186/1754-6834-5-41}{10.1186/1754-6834-5-41}] [PubMed:\href{http://www.ncbi.nlm.nih.gov/pubmed/22673110}{22673110}] }
}

@Article{Trimmomatic,
   Author="Bolger, A. M.  and Lohse, M.  and Usadel, B. ",
   Title="{{T}rimmomatic: a flexible trimmer for {I}llumina sequence data}",
   Journal="Bioinformatics",
   Year="2014",
   Volume="30",
   Number="15",
   Pages="2114--2120",
   Month="Aug",
   Note={[DOI:\href{http://dx.doi.org/10.1093/bioinformatics/btu170}{10.1093/bioinformatics/btu170}] [PubMed:\href{http://www.ncbi.nlm.nih.gov/pubmed/24695404}{24695404}] }
}

@Article{RayMeta,
   Author="Boisvert, S.  and Raymond, F.  and Godzaridis, E.  and Laviolette, F.  and Corbeil, J. ",
   Title="{{R}ay {M}eta: scalable de novo metagenome assembly and profiling}",
   Journal="Genome Biol.",
   Year="2012",
   Volume="13",
   Number="12",
   Pages="R122",
   Note={[DOI:\href{http://dx.doi.org/10.1186/gb-2012-13-12-r122}{10.1186/gb-2012-13-12-r122}] [PubMed:\href{http://www.ncbi.nlm.nih.gov/pubmed/23259615}{23259615}] }
}

@Article{MetaProdigal,
   Author="Hyatt, D.  and LoCascio, P. F.  and Hauser, L. J.  and Uberbacher, E. C. ",
   Title="{{G}ene and translation initiation site prediction in metagenomic sequences}",
   Journal="Bioinformatics",
   Year="2012",
   Volume="28",
   Number="17",
   Pages="2223--2230",
   Month="Sep",
   Note={[DOI:\href{http://dx.doi.org/10.1093/bioinformatics/bts429}{10.1093/bioinformatics/bts429}] [PubMed:\href{http://www.ncbi.nlm.nih.gov/pubmed/22796954}{22796954}] }
}
 
@Article{BlastPlus,
   Author="Camacho, C.  and Coulouris, G.  and Avagyan, V.  and Ma, N.  and Papadopoulos, J.  and Bealer, K.  and Madden, T. L. ",
   Title="{{B}{L}{A}{S}{T}+: architecture and applications}",
   Journal="BMC Bioinformatics",
   Year="2009",
   Volume="10",
   Pages="421",
   Note={[DOI:\href{http://dx.doi.org/10.1186/1471-2105-10-421}{10.1186/1471-2105-10-421}] [PubMed:\href{http://www.ncbi.nlm.nih.gov/pubmed/20003500}{20003500}] }
}

@Article{Bowtie2,
   Author="Langmead, B.  and Salzberg, S. L. ",
   Title="{{F}ast gapped-read alignment with {B}owtie 2}",
   Journal="Nat. Methods",
   Year="2012",
   Volume="9",
   Number="4",
   Pages="357--359",
   Month="Apr",
   Note={[DOI:\href{http://dx.doi.org/10.1038/nmeth.1923}{10.1038/nmeth.1923}] [PubMed:\href{http://www.ncbi.nlm.nih.gov/pubmed/22388286}{22388286}] }
}

@Article{Samtools,
   Author="Li, H.  and Handsaker, B.  and Wysoker, A.  and Fennell, T.  and Ruan, J.  and Homer, N.  and Marth, G.  and Abecasis, G.  and Durbin, R. ",
   Title="{{T}he {S}equence {A}lignment/{M}ap format and {S}{A}{M}tools}",
   Journal="Bioinformatics",
   Year="2009",
   Volume="25",
   Number="16",
   Pages="2078--2079",
   Month="Aug",
   Note={[DOI:\href{http://dx.doi.org/10.1093/bioinformatics/btp352}{10.1093/bioinformatics/btp352}] [PubMed:\href{http://www.ncbi.nlm.nih.gov/pubmed/19505943}{19505943}] }
}

@Article{KeggDB,
   Author="Kanehisa, M.  and Goto, S.  and Sato, Y.  and Kawashima, M.  and Furumichi, M.  and Tanabe, M. ",
   Title="{{D}ata, information, knowledge and principle: back to metabolism in {K}{E}{G}{G}}",
   Journal="Nucleic Acids Res.",
   Year="2014",
   Volume="42",
   Number="Database issue",
   Pages="199--205",
   Month="Jan",
   Note={[DOI:\href{http://dx.doi.org/10.1093/nar/gkt1076}{10.1093/nar/gkt1076}] [PubMed:\href{http://www.ncbi.nlm.nih.gov/pubmed/24214961}{24214961}] }
}

@Article{BEDTools,
   Author="Quinlan, A. R.  and Hall, I. M. ",
   Title="{{B}{E}{D}{T}ools: a flexible suite of utilities for comparing genomic features}",
   Journal="Bioinformatics",
   Year="2010",
   Volume="26",
   Number="6",
   Pages="841--842",
   Month="Mar",
   Note={[DOI:\href{http://dx.doi.org/10.1093/bioinformatics/btq033}{10.1093/bioinformatics/btq033}] [PubMed:\href{http://www.ncbi.nlm.nih.gov/pubmed/20110278}{20110278}] }
}

@Article{GigaDB,
   Author="Bremges, A. and Maus, I and Belmann, P and Eikmeyer, F and Winkler, A and Albersmeier, A and Pühler, A and Schlüter, A and Sczyrba, A",
   Title="{{D}eeply sequenced metagenome and metatranscriptome of a biogas-producing microbial community from an agricultural production-scale biogas plant}",
   Year="2015",
   Note={[DOI:\href{http://dx.doi.org/foo/bar}{foo/bar}] }
}

@Article{GitHub,
   Author="Bremges, A. ",
   Title="{Project's {G}it{H}ub repository}",
   Year="2015",
   Note={[DOI:\href{http://dx.doi.org/foo/bar}{foo/bar}] [URL:\href{https://github.com/abremges/2015-biogas-cebitec}{https://github.com/abremges/2015-biogas-cebitec}] }
}