@Article{SchlueterBiogas,
   Author="Schlüter, A.  and Bekel, T.  and Diaz, N. N.  and Dondrup, M.  and Eichenlaub, R.  and Gartemann, K. H.  and Krahn, I.  and Krause, L.  and Krömeke, H.  and Kruse, O.  and Mussgnug, J. H.  and Neuweger, H.  and Niehaus, K.  and Pühler, A.  and Runte, K. J.  and Szczepanowski, R.  and Tauch, A.  and Tilker, A.  and Viehöver, P.  and Goesmann, A. ",
   Title="{{T}he metagenome of a biogas-producing microbial community of a production-scale biogas plant fermenter analysed by the 454-pyrosequencing technology}",
   Journal="J. Biotechnol.",
   Year="2008",
   Volume="136",
   Number="1-2",
   Pages="77--90",
   Month="Aug",
   Note={[DOI:\href{http://dx.doi.org/10.1016/j.jbiotec.2008.05.008}{10.1016/j.jbiotec.2008.05.008}] [PubMed:\href{http://www.ncbi.nlm.nih.gov/pubmed/18597880}{18597880}] }
}

@Article{Trimmomatic,
   Author="Bolger, A. M.  and Lohse, M.  and Usadel, B. ",
   Title="{{T}rimmomatic: a flexible trimmer for {I}llumina sequence data}",
   Journal="Bioinformatics",
   Year="2014",
   Volume="30",
   Number="15",
   Pages="2114--2120",
   Month="Aug",
   Note={[PubMed Central:\href{http://www.ncbi.nlm.nih.gov/pmc/articles/PMC4103590}{PMC4103590}] [DOI:\href{http://dx.doi.org/10.1093/bioinformatics/btu170}{10.1093/bioinformatics/btu170}] [PubMed:\href{http://www.ncbi.nlm.nih.gov/pubmed/24695404}{24695404}] }
}

@Article{RayMeta,
   Author="Boisvert, S.  and Raymond, F.  and Godzaridis, E.  and Laviolette, F.  and Corbeil, J. ",
   Title="{{R}ay {M}eta: scalable de novo metagenome assembly and profiling}",
   Journal="Genome Biol.",
   Year="2012",
   Volume="13",
   Number="12",
   Pages="R122",
   Note={[PubMed Central:\href{http://www.ncbi.nlm.nih.gov/pmc/articles/PMC4056372}{PMC4056372}] [DOI:\href{http://dx.doi.org/10.1186/gb-2012-13-12-r122}{10.1186/gb-2012-13-12-r122}] [PubMed:\href{http://www.ncbi.nlm.nih.gov/pubmed/23259615}{23259615}] }
}

@Article{MetaProdigal,
   Author="Hyatt, D.  and LoCascio, P. F.  and Hauser, L. J.  and Uberbacher, E. C. ",
   Title="{{G}ene and translation initiation site prediction in metagenomic sequences}",
   Journal="Bioinformatics",
   Year="2012",
   Volume="28",
   Number="17",
   Pages="2223--2230",
   Month="Sep",
   Note={[DOI:\href{http://dx.doi.org/10.1093/bioinformatics/bts429}{10.1093/bioinformatics/bts429}] [PubMed:\href{http://www.ncbi.nlm.nih.gov/pubmed/22796954}{22796954}] }
}
 
@Article{BlastPlus,
   Author="Camacho, C.  and Coulouris, G.  and Avagyan, V.  and Ma, N.  and Papadopoulos, J.  and Bealer, K.  and Madden, T. L. ",
   Title="{{B}{L}{A}{S}{T}+: architecture and applications}",
   Journal="BMC Bioinformatics",
   Year="2009",
   Volume="10",
   Pages="421",
   Note={[PubMed Central:\href{http://www.ncbi.nlm.nih.gov/pmc/articles/PMC2803857}{PMC2803857}] [DOI:\href{http://dx.doi.org/10.1186/1471-2105-10-421}{10.1186/1471-2105-10-421}] [PubMed:\href{http://www.ncbi.nlm.nih.gov/pubmed/20003500}{20003500}] }
}

@Article{Bowtie2,
   Author="Langmead, B.  and Salzberg, S. L. ",
   Title="{{F}ast gapped-read alignment with {B}owtie 2}",
   Journal="Nat. Methods",
   Year="2012",
   Volume="9",
   Number="4",
   Pages="357--359",
   Month="Apr",
   Note={[PubMed Central:\href{http://www.ncbi.nlm.nih.gov/pmc/articles/PMC3322381}{PMC3322381}] [DOI:\href{http://dx.doi.org/10.1038/nmeth.1923}{10.1038/nmeth.1923}] [PubMed:\href{http://www.ncbi.nlm.nih.gov/pubmed/22388286}{22388286}] }
}

@Article{Samtools,
   Author="Li, H.  and Handsaker, B.  and Wysoker, A.  and Fennell, T.  and Ruan, J.  and Homer, N.  and Marth, G.  and Abecasis, G.  and Durbin, R. ",
   Title="{{T}he {S}equence {A}lignment/{M}ap format and {S}{A}{M}tools}",
   Journal="Bioinformatics",
   Year="2009",
   Volume="25",
   Number="16",
   Pages="2078--2079",
   Month="Aug",
   Note={[PubMed Central:\href{http://www.ncbi.nlm.nih.gov/pmc/articles/PMC2723002}{PMC2723002}] [DOI:\href{http://dx.doi.org/10.1093/bioinformatics/btp352}{10.1093/bioinformatics/btp352}] [PubMed:\href{http://www.ncbi.nlm.nih.gov/pubmed/19505943}{19505943}] }
}

@Article{HTSeq,
   Author="Anders, S.  and Pyl, P. T.  and Huber, W. ",
   Title="{{H}{T}{S}eq-a {P}ython framework to work with high-throughput sequencing data}",
   Journal="Bioinformatics",
   Year="2014",
   Pages=" ",
   Month="Sep",
   Note={[DOI:\href{http://dx.doi.org/10.1093/bioinformatics/btu638}{10.1093/bioinformatics/btu638}] [PubMed:\href{http://www.ncbi.nlm.nih.gov/pubmed/25260700}{25260700}] }
}

@Article{KeggDB,
   Author="Kanehisa, M.  and Goto, S.  and Sato, Y.  and Kawashima, M.  and Furumichi, M.  and Tanabe, M. ",
   Title="{{D}ata, information, knowledge and principle: back to metabolism in {K}{E}{G}{G}}",
   Journal="Nucleic Acids Res.",
   Year="2014",
   Volume="42",
   Number="Database issue",
   Pages="199--205",
   Month="Jan",
   Note={[PubMed Central:\href{http://www.ncbi.nlm.nih.gov/pmc/articles/PMC3965122}{PMC3965122}] [DOI:\href{http://dx.doi.org/10.1093/nar/gkt1076}{10.1093/nar/gkt1076}] [PubMed:\href{http://www.ncbi.nlm.nih.gov/pubmed/24214961}{24214961}] }
}

@Article{GigaScience,
   Author="Bremges, A. and others",
   Title="{{N}ame of the {G}iga{S}cience repository}",
   Year="2014",
   Note={[DOI:\href{http://dx.doi.org/foo/bar}{foo/bar}] }
}

@Article{GitHub,
   Author="Bremges, A. ",
   Title="{{G}it{H}ub}",
   Year="2014",
   Note={[\href{https://github.com/abremges/2014-biogas}{https://github.com/abremges/2014-biogas}] }
}